<?xml version="1.0" encoding="UTF-8"?><collection xmlns="http://www.loc.gov/MARC21/slim"><record><leader>00663nam--2200181-i-4500</leader><controlfield tag="001">000015649</controlfield><controlfield tag="002">20161230</controlfield><controlfield tag="005">20161230201031</controlfield><controlfield tag="008">060222s1000------------r-----000-0-eng-d</controlfield><datafield ind1=" " ind2=" " tag="020"><subfield code="a">9971500019</subfield></datafield><datafield ind1=" " ind2=" " tag="040"><subfield code="a">IFIN-HH</subfield></datafield><datafield ind1=" " ind2=" " tag="080"><subfield code="a">537.56(061.3)</subfield></datafield><datafield ind1="1" ind2=" " tag="100"><subfield code="a">Popovic, M.M</subfield></datafield><datafield ind1="1" ind2="0" tag="245"><subfield code="a">The physics of ionized gases spig 84</subfield><subfield code="b">The xii yugoslav summer school and international symposium on physics of ionized gases organised by the institute of physics, belgrade, yugoslavia</subfield><subfield code="c">M.m. popovic, p. kristic (eds.)</subfield></datafield><datafield ind1=" " ind2=" " tag="260"><subfield code="a">Singapore</subfield><subfield code="b">World Scientific Publishing Co Pte Ltd</subfield><subfield code="c">1985</subfield></datafield><datafield ind1="1" ind2=" " tag="700"><subfield code="a">Krstic, P</subfield><subfield code="e">Ed</subfield></datafield><datafield ind1=" " ind2=" " tag="852"><subfield code="a">79128</subfield><subfield code="c">537.52</subfield></datafield><datafield ind1=" " ind2=" " tag="CAT"><subfield code="a">Sys</subfield><subfield code="c">20110805</subfield><subfield code="h">105528</subfield></datafield></record></collection>